<record><leader>00000cas a2200000 i 4500</leader><controlfield tag="001">960428092</controlfield><controlfield tag="008">161012c20169999nyudx ne      0   a0eng  </controlfield><datafield ind1=" " ind2=" " tag="010"><subfield code="a">  2016202622</subfield></datafield><datafield ind1=" " ind2=" " tag="040"><subfield code="a">HNK</subfield><subfield code="b">eng</subfield><subfield code="e">rda</subfield><subfield code="c">HNK</subfield><subfield code="d">OCLCO</subfield><subfield code="d">DLC</subfield><subfield code="d">OCLCO</subfield><subfield code="d">INU</subfield><subfield code="d">DLC</subfield><subfield code="d">OCLCO</subfield><subfield code="d">OCLCF</subfield><subfield code="d">DLC</subfield></datafield><datafield ind1=" " ind2=" " tag="012"><subfield code="m">1</subfield></datafield><datafield ind1=" " ind2=" " tag="019"><subfield code="a">981454706</subfield></datafield><datafield ind1="0" ind2=" " tag="022"><subfield code="a">2474-7149</subfield><subfield code="2">1</subfield></datafield><datafield ind1=" " ind2=" " tag="032"><subfield code="a">128230</subfield><subfield code="b">USPS</subfield></datafield><datafield ind1=" " ind2=" " tag="037"><subfield code="b">The New York Times Company, 620 8th Avenue, New York, NY 10018</subfield></datafield><datafield ind1=" " ind2=" " tag="042"><subfield code="a">pcc</subfield><subfield code="a">nsdp</subfield></datafield><datafield ind1=" " ind2=" " tag="043"><subfield code="a">n-us-ny</subfield></datafield><datafield ind1="0" ind2="0" tag="050"><subfield code="a">Newspaper</subfield></datafield><datafield ind1="1" ind2="4" tag="050"><subfield code="a">Newspaper</subfield></datafield><datafield ind1="1" ind2="0" tag="082"><subfield code="a">070</subfield><subfield code="2">23</subfield></datafield><datafield ind1="0" ind2=" " tag="130"><subfield code="a">New York times (International edition : 2016)</subfield></datafield><datafield ind1=" " ind2="4" tag="222"><subfield code="a">The New York times</subfield><subfield code="b">(International ed.)</subfield></datafield><datafield ind1="1" ind2="4" tag="245"><subfield code="a">The New York times.</subfield></datafield><datafield ind1="1" ind2="7" tag="246"><subfield code="a">New York times international edition</subfield></datafield><datafield ind1=" " ind2=" " tag="250"><subfield code="a">International edition</subfield></datafield><datafield ind1=" " ind2="1" tag="264"><subfield code="a">New York, N.Y. :</subfield><subfield code="b">The New York Times Company,</subfield><subfield code="c">[2016]-</subfield></datafield><datafield ind1=" " ind2=" " tag="300"><subfield code="a">volume :</subfield><subfield code="b">illustrations ;</subfield><subfield code="c">56 cm</subfield></datafield><datafield ind1=" " ind2=" " tag="310"><subfield code="a">Daily (except Sunday)</subfield></datafield><datafield ind1=" " ind2=" " tag="336"><subfield code="a">text</subfield><subfield code="b">txt</subfield><subfield code="2">rdacontent</subfield></datafield><datafield ind1=" " ind2=" " tag="337"><subfield code="a">unmediated</subfield><subfield code="b">n</subfield><subfield code="2">rdamedia</subfield></datafield><datafield ind1=" " ind2=" " tag="338"><subfield code="a">volume</subfield><subfield code="b">nc</subfield><subfield code="2">rdacarrier</subfield></datafield><datafield ind1="1" ind2=" " tag="362"><subfield code="a">Began with no. 41,548 (October 12, 2016).</subfield></datafield><datafield ind1=" " ind2=" " tag="588"><subfield code="a">Description based on: No. 41,548 (October 12, 2016); title from masthead.</subfield></datafield><datafield ind1=" " ind2=" " tag="588"><subfield code="a">Latest issue consulted: No. 41, 548 (October 12, 2016).</subfield></datafield><datafield ind1=" " ind2="0" tag="650"><subfield code="a">Foreign news</subfield><subfield code="z">New York (State)</subfield><subfield code="z">New York</subfield><subfield code="v">Newspapers.</subfield></datafield><datafield ind1=" " ind2="0" tag="651"><subfield code="a">New York (N.Y.)</subfield><subfield code="v">Newspapers.</subfield></datafield><datafield ind1=" " ind2="7" tag="650"><subfield code="a">Foreign news.</subfield><subfield code="2">fast</subfield><subfield code="0">(OCoLC)fst00931863</subfield></datafield><datafield ind1=" " ind2="7" tag="651"><subfield code="a">New York (State)</subfield><subfield code="z">New York.</subfield><subfield code="2">fast</subfield><subfield code="0">(OCoLC)fst01204333</subfield></datafield><datafield ind1=" " ind2="7" tag="655"><subfield code="a">Newspapers.</subfield><subfield code="2">fast</subfield><subfield code="0">(OCoLC)fst01423814</subfield></datafield><datafield ind1="2" ind2=" " tag="710"><subfield code="a">New York Times Company.</subfield></datafield><datafield ind1=" " ind2=" " tag="752"><subfield code="a">United States</subfield><subfield code="b">New York</subfield><subfield code="c">New York</subfield><subfield code="d">New York</subfield></datafield><datafield ind1="0" ind2=" " tag="775"><subfield code="t">New York times</subfield><subfield code="x">0362-4331</subfield><subfield code="w">(DLC)sn 78004456</subfield><subfield code="w">(OCoLC)1645522</subfield></datafield><datafield ind1="0" ind2="0" tag="780"><subfield code="t">International New York times</subfield><subfield code="x">2269-9740</subfield><subfield code="w">(DLC)  2013254386</subfield><subfield code="w">(OCoLC)861810083</subfield></datafield></record>